@InProceedings{abreu_spectrum-based_2009,
  title =        {Spectrum-{Based} {Multiple} {Fault} {Localization}},
  isbn =         {978-1-4244-5259-0},
  url =
                  {http://ieeexplore.ieee.org/lpdocs/epic03/wrapper.htm?arnumber=5431781},
  doi =          {10.1109/ASE.2009.25},
  urldate =      {2015-04-28},
  publisher =    {IEEE},
  author =       {Abreu, Rui and Zoeteweij, Peter and Gemund, Arjan
                  J.C. van},
  month =        nov,
  year =         2009,
  keywords =     {Statistical Debugging},
  pages =        {88--99},
  File =
                  {Spectrum-based_Multiple_Fault_Localization_Abreu_2009.pdf:/home/moses/.zotero/zotero/w9j38y9o.default/zotero/storage/8DWZQQNF/Spectrum-based_Multiple_Fault_Localization_Abreu_2009.pdf:application/pdf}
}

@inproceedings{baah_2006,
  address =      {New York, NY, USA},
  series =       {{SOQUA} '06},
  title =        {On-line {Anomaly} {Detection} of {Deployed}
                  {Software}: {A} {Statistical} {Machine} {Learning}
                  {Approach}},
  isbn =         {1-59593-584-3},
  url =          {http://doi.acm.org/10.1145/1188895.1188911},
  doi =          {10.1145/1188895.1188911},
  booktitle =    {Proceedings of the 3rd {International} {Workshop} on
                  {Software} {Quality} {Assurance}},
  publisher =    {ACM},
  author =       {Baah, George K. and Gray, Alexander and Harrold,
                  Mary Jean},
  year =         2006,
  keywords =     {Anomaly Detection, anomaly diagnosis, fault
                  localization, machine learning, Markov models},
  pages =        {70--77},
  file =
                  {baah2006.pdf:/home/moses/.zotero/zotero/ebsaoh0n.default/zotero/storage/5WNZ6PNN/baah2006.pdf:application/pdf}
}

@Book{bishop_pattern_2006,
  address =      {New York},
  series =       {Information science and statistics},
  title =        {Pattern recognition and machine learning},
  isbn =         {0387310738 9780387310732},
  publisher =    {Springer},
  author =       {Bishop, Christopher M.},
  year =         2006,
  keywords =     {Machine learning, Pattern perception},
  file =
                  {Bishop-PRML.pdf:/home/moses/.zotero/zotero/w9j38y9o.default/zotero/storage/7MZAA69X/Bishop-PRML.pdf:application/pdf}
}

@Article{boeing_bug,
  chapter =      {Technology},
  title =        {{US} aviation authority: {Boeing} 787 bug could
                  cause 'loss of control'},
  issn =         {0261-3077},
  shorttitle =   {{US} aviation authority},
  url =
                  {http://www.theguardian.com/business/2015/may/01/us-aviation-authority-boeing-787-dreamliner-bug-could-cause-loss-of-control},
  abstract =     {More trouble for Dreamliner as Federal Aviation
                  Administration warns glitch in control unit causes
                  generators to shut down if left powered on for 248
                  days},
  language =     {en-GB},
  urldate =      {2015-11-30},
  journal =      {The Guardian},
  author =       {Gibbs, Samuel},
  month =        may,
  year =         2015,
  keywords =     {Airline industry, Air transport, Boeing, Business,
                  Programming, Software, Technology, US news, World
                  news},
  file =         {Guardian
                  Snapshot:/Users/moses/zotero/ebsaoh0n.default/zotero/storage/ZV4SQMCU/us-aviation-authority-boeing-787-dreamliner-bug-could-cause-loss-of-control.html:text/html}
}

@inproceedings{bonchi_full_2015,
  address =      {New York, NY, USA},
  series =       {{POPL} '15},
  title =        {Full {Abstraction} for {Signal} {Flow} {Graphs}},
  isbn =         {978-1-4503-3300-9},
  url =          {http://doi.acm.org/10.1145/2676726.2676993},
  doi =          {10.1145/2676726.2676993},
  booktitle =    {Proceedings of the 42Nd {Annual} {ACM}
                  {SIGPLAN}-{SIGACT} {Symposium} on {Principles} of
                  {Programming} {Languages}},
  publisher =    {ACM},
  author =       {Bonchi, Filippo and Sobocinski, Pawel and Zanasi,
                  Fabio},
  year =         2015,
  keywords =     {full abstraction, props, signal flow graphs, string
                  diagrams, structural operational semantics},
  pages =        {515--526}
}

@InProceedings{brun_finding_2004,
  address =      {Washington, DC, USA},
  series =       {{ICSE} '04},
  title =        {Finding {Latent} {Code} {Errors} via {Machine}
                  {Learning} over {Program} {Executions}},
  isbn =         {0-7695-2163-0},
  url =          {http://dl.acm.org/citation.cfm?id=998675.999452},
  booktitle =    {Proceedings of the 26th {International} {Conference}
                  on {Software} {Engineering}},
  publisher =    {IEEE Computer Society},
  author =       {Brun, Yuriy and Ernst, Michael D.},
  year =         2004,
  pages =        {480--490},
  file =
                  {machlearn-errors-icse2004.pdf:/home/moses/.zotero/zotero/w9j38y9o.default/zotero/storage/CK2KGH44/machlearn-errors-icse2004.pdf:application/pdf}
}

@book{bryson2015control,
  title =        {Control of spacecraft and aircraft},
  author =       {Bryson Jr, Arthur E},
  year =         2015,
  publisher =    {Princeton university press}
}

@InProceedings{carrozza_analysis_2013,
  title =        {Analysis and prediction of mandelbugs in an
                  industrial software system},
  url =
                  {http://ieeexplore.ieee.org/xpls/abs_all.jsp?arnumber=6569738},
  urldate =      {2015-05-06},
  booktitle =    {Software {Testing}, {Verification} and {Validation}
                  ({ICST}), 2013 {IEEE} {Sixth} {International}
                  {Conference} on},
  publisher =    {IEEE},
  author =       {Carrozza, Gabriella and Cotroneo, Domenico and
                  Natella, Roberto and Pietrantuono, Roberto and
                  Russo, Stefano},
  year =         2013,
  pages =        {262--271},
  file =
                  {natella_mandelbugs_prediction_2013.pdf:/home/moses/.zotero/zotero/w9j38y9o.default/zotero/storage/7X4AXHD9/natella_mandelbugs_prediction_2013.pdf:application/pdf}
}

@Article{carrozza_defect_2015,
  title =        {Defect analysis in mission-critical software
                  systems: a detailed investigation: {A} {LIGHTWEIGHT}
                  {DEFECT} {ANALYSIS} {APPROACH}},
  volume =       27,
  issn =         20477473,
  shorttitle =   {Defect analysis in mission-critical software
                  systems},
  url =          {http://doi.wiley.com/10.1002/smr.1699},
  doi =          {10.1002/smr.1699},
  language =     {en},
  number =       1,
  urldate =      {2015-04-28},
  journal =      {Journal of Software: Evolution and Process},
  author =       {Carrozza, Gabriella and Pietrantuono, Roberto and
                  Russo, Stefano},
  month =        jan,
  year =         2015,
  pages =        {22--49},
  file =
                  {carrozza_defectsanalysis2014.pdf:/home/moses/.zotero/zotero/w9j38y9o.default/zotero/storage/TSHTC4D6/carrozza_defectsanalysis2014.pdf:application/pdf}
}

@InProceedings{chen_mop_2007,
  title =        {Mop: an efficient and generic runtime verification
                  framework},
  volume =       42,
  shorttitle =   {Mop},
  url =          {http://dl.acm.org/citation.cfm?id=1297069},
  urldate =      {2015-05-30},
  booktitle =    {{ACM} {SIGPLAN} {Notices}},
  publisher =    {ACM},
  author =       {Chen, Feng and Ro≈üu, Grigore},
  year =         2007,
  pages =        {569--588},
  file =
                  {javamop-ere.pdf:/home/moses/.zotero/zotero/w9j38y9o.default/zotero/storage/UTX9H4PX/javamop-ere.pdf:application/pdf}
}

@Article{chen_neural_2002,
  title =        {Neural networks-based scheme for system failure
                  detection and diagnosis},
  volume =       58,
  url =
                  {http://www.sciencedirect.com/science/Article/pii/S0378475401003305},
  number =       2,
  urldate =      {2015-05-13},
  journal =      {Mathematics and Computers in Simulation},
  author =       {Chen, Y. M. and Lee, M. L.},
  year =         2002,
  pages =        {101--109},
  file =
                  {chen_neuralnets.pdf:/home/moses/.zotero/zotero/w9j38y9o.default/zotero/storage/PKNB7CZV/chen_neuralnets.pdf:application/pdf}
}

@InProceedings{chilimbi_heapmd:_2006,
  title =        {Heapmd: {Identifying} heap-based bugs using anomaly
                  detection},
  volume =       34,
  shorttitle =   {Heapmd},
  url =          {http://dl.acm.org/citation.cfm?id=1168885},
  urldate =      {2015-05-06},
  booktitle =    {{ACM} {SIGARCH} {Computer} {Architecture} {News}},
  publisher =    {ACM},
  author =       {Chilimbi, Trishul M. and Ganapathy, Vinod},
  year =         2006,
  pages =        {219--228},
  file =
                  {HeapMD_Identifying_Heap-based_bugs_using_anomaly_detection_Chilimbi_2006.pdf:/home/moses/.zotero/zotero/w9j38y9o.default/zotero/storage/2SW2CBGI/HeapMD_Identifying_Heap-based_bugs_using_anomaly_detection_Chilimbi_2006.pdf:application/pdf}
}

@article{chillarege_orthogonal_1992,
  title =        {Orthogonal {Defect} {Classification} - {A} {Concept}
                  for {In}-{Process} {Measurements}},
  volume =       18,
  url =
                  {http://search.proquest.com.ezproxy.library.tufts.edu/docview/195567951?accountid=14434},
  abstract =     {A description is presented of orthogonal defect
                  classification (ODC), a concept that enables
                  in-process feedback to developers by extracting
                  signatures on the development process from
                  defects. The ideas are evolved from an earlier
                  finding that demonstrates the use of semantic
                  information from defects to extract cause-effect
                  relationships in the development process. This
                  finding is leveraged to develop a systematic
                  framework for building measurement and analysis
                  methods. The use of the defect type distribution is
                  illustrated to measure the progress of a product
                  through a process. In addition, the use of the
                  defect trigger distribution is illustrated to
                  evaluate the effectiveness and eventually the
                  completeness of verification processes such as
                  inspection or testing. Sample results are provided
                  from pilot projects using ODC. The analysis opens
                  the doors to a wide variety of analysis techniques
                  for providing effective and fast feedback based on
                  the concepts of ODC.},
  language =     {English},
  number =       11,
  journal =      {IEEE Transactions on Software Engineering},
  author =       {Chillarege, R. and Bhandari, I. S. and Chaar,
                  J. K. and Halliday, M. J. and Moebus, D. S. and Ray,
                  B. K. and Wong, M-Y},
  year =         1992,
  note =         {Copyright - Copyright Institute of Electrical and
                  Electronics Engineers, Inc. (IEEE) Nov 1992; Last
                  updated - 2011-07-20; CODEN - IESEDJ},
  keywords =     {5240:Software \& systems, Computers‚ÄìSoftware,
                  Implementations, Semantics, Software quality,
                  Systems development, Techniques},
  pages =        {943--956},
  file =
                  {ODC.pdf:/home/moses/.zotero/zotero/ebsaoh0n.default/zotero/storage/2QDTZVRT/ODC.pdf:application/pdf}
}

@InProceedings{chillarege_understanding_2011,
  title =        {Understanding {Bohr}-{Mandel} {Bugs} through {ODC}
                  {Triggers} and a {Case} {Study} with {Empirical}
                  {Estimations} of {Their} {Field} {Proportion}},
  isbn =         {978-0-7695-4616-2, 978-1-4673-0739-0},
  url =
                  {http://ieeexplore.ieee.org/lpdocs/epic03/wrapper.htm?arnumber=6141718},
  doi =          {10.1109/WoSAR.2011.17},
  urldate =      {2015-04-28},
  publisher =    {IEEE},
  author =       {Chillarege, Ram},
  month =        nov,
  year =         2011,
  pages =        {7--13},
  file =
                  {chillarege_bohrmandelbugs2011.pdf:/home/moses/.zotero/zotero/w9j38y9o.default/zotero/storage/BEBH9PEI/chillarege_bohrmandelbugs2011.pdf:application/pdf}
}

@article{choi_efficient_2015,
  title =        {Efficient safety checking for automotive operating
                  systems using property-based slicing and
                  constraint-based environment generation},
  volume =       103,
  issn =         {0167-6423},
  url =
                  {http://www.sciencedirect.com/science/article/pii/S0167642314004766},
  doi =          {http://dx.doi.org/10.1016/j.scico.2014.10.006},
  journal =      {Science of Computer Programming},
  author =       {Choi, Yunja and Park, Mingyu and Byun, Taejoon and
                  Kim, Dongwoo},
  year =         2015,
  note =         {Selected papers from the First International
                  Workshop on Formal Techniques for Safety-Critical
                  Systems (FTSCS 2012)},
  keywords =     {Automotive \{OS\}},
  pages =        {51 -- 70},
  file =
                  {Choi2015.pdf:/home/moses/.zotero/zotero/ebsaoh0n.default/zotero/storage/7HJ44J9K/Choi2015.pdf:application/pdf}
}

@inproceedings{cifuentes_begbunch_2009,
  address =      {New York, NY, USA},
  series =       {{DEFECTS} '09},
  title =        {{BegBunch}: {Benchmarking} for {C} {Bug} {Detection}
                  {Tools}},
  isbn =         {978-1-60558-654-0},
  url =          {http://doi.acm.org/10.1145/1555860.1555866},
  doi =          {10.1145/1555860.1555866},
  booktitle =    {Proceedings of the 2Nd {International} {Workshop} on
                  {Defects} in {Large} {Software} {Systems}: {Held} in
                  {Conjunction} with the {ACM} {SIGSOFT}
                  {International} {Symposium} on {Software} {Testing}
                  and {Analysis} ({ISSTA} 2009)},
  publisher =    {ACM},
  author =       {Cifuentes, Cristina and Hoermann, Christian and
                  Keynes, Nathan and Li, Lian and Long, Simon and
                  Mealy, Erica and Mounteney, Michael and Scholz,
                  Bernhard},
  year =         2009,
  keywords =     {accuracy, scalability},
  pages =        {16--20},
  file =
                  {p16-cifuentes.pdf:/Users/moses/zotero/ebsaoh0n.default/zotero/storage/AVGH9NN4/p16-cifuentes.pdf:application/pdf}
}

@InProceedings{cova_swaddler_2007,
  title =        {Swaddler: {An} approach for the anomaly-based
                  detection of state violations in web applications},
  shorttitle =   {Swaddler},
  url =
                  {http://link.springer.com/chapter/10.1007/978-3-540-74320-0_4},
  urldate =      {2015-05-06},
  booktitle =    {Recent {Advances} in {Intrusion} {Detection}},
  publisher =    {Springer},
  author =       {Cova, Marco and Balzarotti, Davide and Felmetsger,
                  Viktoria and Vigna, Giovanni},
  year =         2007,
  pages =        {63--86},
  file =
                  {swaddler_Cova_2007.pdf:/home/moses/.zotero/zotero/w9j38y9o.default/zotero/storage/4U6QFMUC/swaddler_Cova_2007.pdf:application/pdf}
}

@article{dempster77,
  author =       {A. P. Dempster and N. M. Laird and D. B. Rubin},
  title =        {Maximum likelihood from incomplete data via the EM
                  algorithm},
  journal =      {JOURNAL OF THE ROYAL STATISTICAL SOCIETY, SERIES B},
  year =         1977,
  volume =       39,
  number =       1,
  pages =        {1--38}
}

@book{dorf_modern_2011,
  edition =      12,
  title =        {Modern {Control} {Systems}},
  isbn =         {978-0-13-602458-3},
  url =          {https://books.google.com/books?id=lerbSAAACAAJ},
  publisher =    {Pearson Prentice Hall},
  author =       {Dorf, R.C. and Bishop, R.H.},
  year =         2011,
  lccn =         2010015651
}

@Article{dvorak2009nasa,
  title =        {{NASA} study on flight software complexity},
  author =       {Dvorak, Daniel},
  journal =      {{NASA} Office of Chief Engineer},
  year =         2009
}

@Article{editor_airbus_a440m,
  title =        {Airbus {A}400M plane crash linked to software fault},
  url =          {http://www.bbc.com/news/technology-32810273},
  abstract =     {Airbus suggests that a military plane crash might
                  have been caused by a problem with the software that
                  controlled its engines.},
  urldate =      {2015-05-21},
  journal =      {BBC News},
  author =       {Kelion, Leo},
  file =
                  {Snapshot:/home/moses/.zotero/zotero/w9j38y9o.default/zotero/storage/F8MC9VFJ/technology-32810273.html:text/html},
  month =        may # {~20},
  year =         2015,
  note =         "[Online; accessed 25-May-2015]"
}

@Book{edwards_fault_2010,
  address =      {Berlin, Heidelberg},
  series =       {Lecture {Notes} in {Control} and {Information}
                  {Sciences}},
  title =        {Fault {Tolerant} {Flight} {Control}},
  volume =       399,
  isbn =         {978-3-642-11689-6, 978-3-642-11690-2},
  url =          {http://link.springer.com/10.1007/978-3-642-11690-2},
  urldate =      {2015-04-28},
  publisher =    {Springer Berlin Heidelberg},
  editor =       {Edwards, Christopher and Lombaerts, Thomas and
                  Smaili, Hafid and Morari, Manfred and Thoma,
                  Manfred},
  year =         2010,
  file =
                  {fault_tolerant_flightcontrol.pdf:/home/moses/.zotero/zotero/w9j38y9o.default/zotero/storage/UC59J8F3/fault_tolerant_flightcontrol.pdf:application/pdf}
}

@Article{ernst_daikon_2007,
  title =        {The {Daikon} system for dynamic detection of likely
                  invariants},
  volume =       69,
  issn =         01676423,
  url =
                  {http://linkinghub.elsevier.com/retrieve/pii/S016764230700161X},
  doi =          {10.1016/j.scico.2007.01.015},
  language =     {en},
  number =       {1-3},
  urldate =      {2015-04-28},
  journal =      {Science of Computer Programming},
  author =       {Ernst, Michael D. and Perkins, Jeff H. and Guo,
                  Philip J. and McCamant, Stephen and Pacheco, Carlos
                  and Tschantz, Matthew S. and Xiao, Chen},
  month =        dec,
  year =         2007,
  pages =        {35--45},
  file =
                  {daikon-tool-scp2007.pdf:/home/moses/.zotero/zotero/w9j38y9o.default/zotero/storage/WP4ISZCA/daikon-tool-scp2007.pdf:application/pdf}
}

@InProceedings{ernst_dynamically_1999,
  address =      {New York, NY, USA},
  series =       {{ICSE} '99},
  title =        {Dynamically {Discovering} {Likely} {Program}
                  {Invariants} to {Support} {Program} {Evolution}},
  isbn =         {1-58113-074-0},
  url =          {http://doi.acm.org/10.1145/302405.302467},
  doi =          {10.1145/302405.302467},
  booktitle =    {Proceedings of the 21st {International} {Conference}
                  on {Software} {Engineering}},
  publisher =    {ACM},
  author =       {Ernst, Michael D. and Cockrell, Jake and Griswold,
                  William G. and Notkin, David},
  year =         1999,
  keywords =     {dynamic analysis, execution traces, formal
                  specification, logical inference, pattern
                  recognition, program invariants, software evolution},
  pages =        {213--224},
  file =
                  {invariants-icse99.pdf:/home/moses/.zotero/zotero/w9j38y9o.default/zotero/storage/NK539E4G/invariants-icse99.pdf:application/pdf}
}

@article{fawcett2004roc,
  author =       {Fawcett, Tom},
  title =        {An Introduction to ROC Analysis},
  journal =      {Pattern Recogn. Lett.},
  issue_date =   {June 2006},
  volume =       27,
  number =       8,
  month =        jun,
  year =         2006,
  issn =         {0167-8655},
  pages =        {861--874},
  numpages =     14,
  url =          {http://dx.doi.org/10.1016/j.patrec.2005.10.010},
  doi =          {10.1016/j.patrec.2005.10.010},
  acmid =        1159475,
  publisher =    {Elsevier Science Inc.},
  address =      {New York, NY, USA},
  keywords =     {Classifier evaluation, Evaluation metrics, ROC
                  analysis},
}

@InProceedings{fei_argus_2006,
  address =      {Berlin, Heidelberg},
  series =       {{FASE}'06},
  title =        {Argus: {Online} {Statistical} {Bug} {Detection}},
  isbn =         {3-540-33093-3, 978-3-540-33093-6},
  url =          {http://dx.doi.org/10.1007/11693017_23},
  doi =          {10.1007/11693017_23},
  booktitle =    {Proceedings of the 9th {International} {Conference}
                  on {Fundamental} {Approaches} to {Software}
                  {Engineering}},
  publisher =    {Springer-Verlag},
  author =       {Fei, Long and Lee, Kyungwoo and Li, Fei and Midkiff,
                  Samuel P.},
  year =         2006,
  pages =        {308--323},
  file =
                  {Argus2006.pdf:/home/moses/.zotero/zotero/w9j38y9o.default/zotero/storage/FIZQZPP3/Argus2006.pdf:application/pdf}
}

@InProceedings{fei_artemis:_2006,
  address =      {New York, NY, USA},
  series =       {{PLDI} '06},
  title =        {Artemis: {Practical} {Runtime} {Monitoring} of
                  {Applications} for {Execution} {Anomalies}},
  isbn =         {1-59593-320-4},
  url =          {http://doi.acm.org/10.1145/1133981.1133992},
  doi =          {10.1145/1133981.1133992},
  booktitle =    {Proceedings of the 2006 {ACM} {SIGPLAN} {Conference}
                  on {Programming} {Language} {Design} and
                  {Implementation}},
  publisher =    {ACM},
  author =       {Fei, Long and Midkiff, Samuel P.},
  year =         2006,
  keywords =     {context invariant, debugging, dynamic context,
                  pointer-type table, runtime monitoring, selective
                  monitoring, value invariant},
  pages =        {84--95},
  file =
                  {Artemis2007.pdf:/home/moses/.zotero/zotero/w9j38y9o.default/zotero/storage/XSNRFZDM/Artemis2007.pdf:application/pdf}
}

@inproceedings{fonseca_study_2010,
  title =        {A study of the internal and external effects of
                  concurrency bugs},
  doi =          {10.1109/DSN.2010.5544315},
  booktitle =    {Dependable {Systems} and {Networks} ({DSN}), 2010
                  {IEEE}/{IFIP} {International} {Conference} on},
  author =       {Fonseca, P. and Li, Cheng and Singhal, V. and
                  Rodrigues, R.},
  month =        jun,
  year =         2010,
  keywords =     {Computer bugs, concurrency bug, Concurrent
                  computing, concurrent programming, database server,
                  data structure, error prone task, Fault detection,
                  Interleaved codes, Manufacturing processes,
                  multicore era, multiprocessing programs, MySQL,
                  parallel programming, Performance gain, program
                  debugging, Programming profession, Software
                  performance, Software systems, SQL, Yarn},
  pages =        {221--230},
  file =
                  {fonseca_2010.pdf:/home/moses/.zotero/zotero/ebsaoh0n.default/zotero/storage/JHJKQS2T/fonseca_2010.pdf:application/pdf}
}

@Book{gentle_computational_2009,
  address =      {New York, NY},
  series =       {Statistics and {Computing}},
  title =        {Computational {Statistics}},
  isbn =         {978-0-387-98143-7, 978-0-387-98144-4},
  url =          {http://link.springer.com/10.1007/978-0-387-98144-4},
  urldate =      {2015-04-28},
  publisher =    {Springer New York},
  author =       {Gentle, James E.},
  year =         2009,
  file =
                  {Gentle-CompStats.pdf:/home/moses/.zotero/zotero/w9j38y9o.default/zotero/storage/2NRH8QWB/Gentle-CompStats.pdf:application/pdf}
}

@article{gerber_slicing_1997,
  title =        {Slicing {Real}-time {Programs} for {Enhanced}
                  {Schedulability}},
  volume =       19,
  issn =         {0164-0925},
  url =          {http://doi.acm.org/10.1145/256167.256394},
  doi =          {10.1145/256167.256394},
  number =       3,
  journal =      {ACM Trans. Program. Lang. Syst.},
  author =       {Gerber, Richard and Hong, Seongsoo},
  month =        may,
  year =         1997,
  keywords =     {priority assignment, Program slicing, static
                  priority scheduling, system tuning},
  pages =        {525--555},
  file =
                  {p525-gerber.pdf:/home/moses/.zotero/zotero/ebsaoh0n.default/zotero/storage/4E8FZMUN/p525-gerber.pdf:application/pdf}
}

@InProceedings{giuffrida_practical_2013,
  title =        {Practical automated vulnerability monitoring using
                  program state invariants},
  url =
                  {http://ieeexplore.ieee.org/xpls/abs_all.jsp?arnumber=6575318},
  urldate =      {2015-05-06},
  booktitle =    {Dependable {Systems} and {Networks} ({DSN}), 2013
                  43rd {Annual} {IEEE}/{IFIP} {International}
                  {Conference} on},
  publisher =    {IEEE},
  author =       {Giuffrida, Cristiano and Cavallaro, Lorenzo and
                  Tanenbaum, Andrew S.},
  year =         2013,
  pages =        {1--12},
  file =
                  {Practical_Automated_Vulnerability_Monitorying_Using_Program_State_Invariants_Giuffrida_2013.pdf:/home/moses/.zotero/zotero/w9j38y9o.default/zotero/storage/5A2MCGFQ/Practical_Automated_Vulnerability_Monitorying_Using_Program_State_Invariants_Giuffrida_2013.pdf:application/pdf}
}

@Article{goodlow_toward_2009,
  title =        {Toward {Monitoring} fault-tolerant embedded
                  {Systems}},
  volume =       16,
  url =          {https://www.cs.indiana.edu/~lepike/pubs/SHM09.pdf},
  urldate =      {2015-05-21},
  journal =      {SHM 2009},
  author =       {Goodlow, A. and Pike, Lee},
  year =         2009,
  file =
                  {SHM09.pdf:/home/moses/.zotero/zotero/w9j38y9o.default/zotero/storage/A5HAC2G8/SHM09.pdf:application/pdf}
}

@InProceedings{grottke_empirical_2010,
  title =        {An empirical investigation of fault types in space
                  mission system software},
  url =
                  {http://ieeexplore.ieee.org/xpls/abs_all.jsp?arnumber=5544284},
  urldate =      {2015-05-06},
  booktitle =    {Dependable {Systems} and {Networks} ({DSN}), 2010
                  {IEEE}/{IFIP} {International} {Conference} on},
  publisher =    {IEEE},
  author =       {Grottke, Michael and Nikora, Allen P. and Trivedi,
                  Kishor S.},
  year =         2010,
  pages =        {447--456},
  file =
                  {grottke_dsn2010.pdf:/home/moses/.zotero/zotero/w9j38y9o.default/zotero/storage/R6GCC76Q/grottke_dsn2010.pdf:application/pdf}
}

@InProceedings{hangal_tracking_2002,
  address =      {New York, NY, USA},
  series =       {{ICSE} '02},
  title =        {Tracking {Down} {Software} {Bugs} {Using}
                  {Automatic} {Anomaly} {Detection}},
  isbn =         {1-58113-472-X},
  url =          {http://doi.acm.org/10.1145/581339.581377},
  doi =          {10.1145/581339.581377},
  booktitle =    {Proceedings of the 24th {International} {Conference}
                  on {Software} {Engineering}},
  publisher =    {ACM},
  author =       {Hangal, Sudheendra and Lam, Monica S.},
  year =         2002,
  pages =        {291--301},
  file =
                  {Diduce_Hangal_2002.pdf:/home/moses/.zotero/zotero/w9j38y9o.default/zotero/storage/ZUFRWCFR/Diduce_Hangal_2002.pdf:application/pdf}
}

@article{hansen_assisted_2008,
  title =        {Assisted {Monitoring} and {Maintenance} of {Control}
                  {Systems}},
  volume =       41,
  issn =         {1474-6670},
  url =
                  {http://www.sciencedirect.com/science/article/pii/S147466701641390X},
  doi =          {http://dx.doi.org/10.3182/20080706-5-KR-1001.02525},
  number =       2,
  journal =      {\{IFAC\} Proceedings Volumes},
  author =       {Hansen, Ole Fink and Andersen, Nils Axel and Ravn,
                  Ole},
  year =         2008,
  note =         {17th \{IFAC\} World Congress},
  keywords =     {Program slicing},
  pages =        {14920 -- 14925},
  file =
                  {hansen2008.pdf:/home/moses/.zotero/zotero/ebsaoh0n.default/zotero/storage/NGQ4F3UC/hansen2008.pdf:application/pdf}
}

@inproceedings{hansen_maintenance_2010,
  title =        {Maintenance of process control algorithms based on
                  dynamic program slicing},
  doi =          {10.1109/CACSD.2010.5612682},
  booktitle =    {2010 {IEEE} {International} {Symposium} on
                  {Computer}-{Aided} {Control} {System} {Design}},
  author =       {Hansen, O. F. and Andersen, N. A. and Ravn, O.},
  month =        sep,
  year =         2010,
  keywords =     {Algorithm design and analysis, complex software
                  systems, Control systems, dynamic program slicing,
                  Equations, Heuristic algorithms, industrial control,
                  industrial control systems, Maintenance engineering,
                  maintenance problem, process control, process
                  control algorithms, production engineering
                  computing, Program slicing, Software algorithms,
                  software-engineering approach, software maintenance},
  pages =        {1415--1421},
  file =
                  {hansen2010.pdf:/home/moses/.zotero/zotero/ebsaoh0n.default/zotero/storage/E44VT9KD/hansen2010.pdf:application/pdf}
}

@Article{hayhurst_practical_2001,
  title =        {A practical tutorial on modified condition/decision
                  coverage},
  url =          {http://ntrs.nasa.gov/search.jsp?R=20010057789},
  urldate =      {2015-05-26},
  journal =      {NASA Report, NASA/TM-2001-210876},
  author =       {Hayhurst, Kelly J. and Veerhusen, Dan S. and
                  Chilenski, John J. and Rierson, Leanna K.},
  year =         2001,
  file =
                  {Hayhurst-2001-tm210876-MCDC.pdf:/Users/moses/zotero/ebsaoh0n.default/zotero/storage/2C6CKK3M/Hayhurst-2001-tm210876-MCDC.pdf:application/pdf}
}

@Article{hitt_fault-tolerant_2006,
  title =        {Fault-tolerant avionics},
  url =
                  {http://books.google.com/books?hl=en&lr=&id=Dm5mQfFZtSkC&oi=fnd&pg=SA8-PA1&dq=%22Comparators+%E2%80%A2+Watchdog%22+%22functions.+This+chapter+discusses+the+motivation+for+fault-tolerant+designs,+and+the%22+%22to+further+reading+in+this+developing%22+%22of+tolerating+all+possible+faults+in+the+universe.+The+faults+the+system+is+to+be+designed+to%22+&ots=dcVDCztP85&sig=wbF6P4A29eV0YOs4DZCihBpRdN0},
  urldate =      {2015-05-06},
  journal =      {AVIONICS},
  author =       {Hitt, Ellis F.},
  year =         2006,
  file =
                  {TheAvionicsHandbook_Cap_28.pdf:/home/moses/.zotero/zotero/w9j38y9o.default/zotero/storage/XMD73JWC/TheAvionicsHandbook_Cap_28.pdf:application/pdf}
}

@incollection{hu_huang_applying_2016,
  series =       {{AIAA} {SciTech}},
  title =        {Applying {Machine} {Learning} for {Run}-time {Bug}
                  {Detection} in {Aviation} {Software}},
  url =          {http://dx.doi.org/10.2514/6.2016-0482},
  urldate =      {2016-03-02},
  booktitle =    {{AIAA} {Infotech} @ {Aerospace}},
  publisher =    {American Institute of Aeronautics and Astronautics},
  author =       {{Hu Huang} and {Samuel Guyer} and {Jason Rife}},
  month =        jan,
  year =         2016
}

@inproceedings{hutchins1994,
  author =       {Hutchins, Monica and Foster, Herb and Goradia, Tarak
                  and Ostrand, Thomas},
  title =        {Experiments of the Effectiveness of Dataflow- and
                  Controlflow-based Test Adequacy Criteria},
  booktitle =    {Proceedings of the 16th International Conference on
                  Software Engineering},
  series =       {ICSE '94},
  year =         1994,
  isbn =         {0-8186-5855-X},
  location =     {Sorrento, Italy},
  pages =        {191--200},
  numpages =     10,
  url =          {http://dl.acm.org/citation.cfm?id=257734.257766},
  acmid =        257766,
  publisher =    {IEEE Computer Society Press},
  address =      {Los Alamitos, CA, USA},
}

@Book{kane2003air,
  title =        {Air Transportation},
  author =       {Kane, R.M.},
  isbn =         9780787288815,
  lccn =         2002105811,
  year =         2003,
  publisher =    {Kendall/Hunt Pub.}
}

@InCollection{knight_software_2002,
  title =        {Software challenges in aviation systems},
  url =
                  {http://link.springer.com/chapter/10.1007/3-540-45732-1_12},
  urldate =      {2015-05-21},
  booktitle =    {Computer {Safety}, {Reliability} and {Security}},
  publisher =    {Springer},
  author =       {Knight, John C.},
  year =         2002,
  pages =        {106--112},
  file =
                  {safecomp.2002.pdf:/home/moses/.zotero/zotero/w9j38y9o.default/zotero/storage/CNAAZS6C/safecomp.2002.pdf:application/pdf}
}

@InProceedings{kyriakopoulou_text_2006,
  title =        {Text classification using clustering},
  url =          {http://www.ecmlpkdd2006.org/ws-dcw.pdf#page=31},
  urldate =      {2015-05-28},
  booktitle =    {Proceedings of the {Discovery} {Challenge}
                  {Workshop} at {ECML}/{PKDD} 2006},
  author =       {Kyriakopoulou, Antonia and Kalamboukis, Theodore},
  year =         2006,
  pages =        {28--38},
  file =
                  {kyriakopoulou2006.pdf:/home/moses/.zotero/zotero/w9j38y9o.default/zotero/storage/8PRB87BX/kyriakopoulou2006.pdf:application/pdf}
}

@Book{lee_introduction_2012,
  address =      {Lulu},
  edition =      {1. ed., print. 1.08},
  title =        {Introduction to embedded systems: a cyber physical
                  systems approach},
  isbn =         {9780557708574 9780557708574},
  shorttitle =   {Introduction to embedded systems},
  language =     {eng},
  publisher =    {LeeSeshia.org},
  author =       {Lee, Edward Ashford and Seshia, Sanjit Arunkumar},
  year =         2012,
  keywords =     {Eingebettetes System, Embedded computer systems
                  Programming},
  file =
                  {Embedded_Systems.pdf:/home/moses/.zotero/zotero/w9j38y9o.default/zotero/storage/JC8CVRHK/Embedded_Systems.pdf:application/pdf}
}

@Article{leveson_role_2004,
  title =        {Role of software in spacecraft accidents},
  volume =       41,
  url =          {http://arc.aiaa.org/doi/abs/10.2514/1.11950},
  number =       4,
  urldate =      {2015-05-06},
  journal =      {Journal of spacecraft and Rockets},
  author =       {Leveson, Nancy G.},
  year =         2004,
  pages =        {564--575},
  file =
                  {levenson_software_in_spacecraft_accidents.pdf:/home/moses/.zotero/zotero/w9j38y9o.default/zotero/storage/3WHMW4AC/levenson_software_in_spacecraft_accidents.pdf:application/pdf}
}

@inproceedings{li2006,
  author =       {Li, Zhenmin and Tan, Lin and Wang, Xuanhui and Lu,
                  Shan and Zhou, Yuanyuan and Zhai, Chengxiang},
  title =        {Have Things Changed Now?: An Empirical Study of Bug
                  Characteristics in Modern Open Source Software},
  booktitle =    {Proceedings of the 1st Workshop on Architectural and
                  System Support for Improving Software Dependability},
  series =       {ASID '06},
  year =         2006,
  isbn =         {1-59593-576-2},
  location =     {San Jose, California},
  pages =        {25--33},
  numpages =     9,
  url =          {http://doi.acm.org/10.1145/1181309.1181314},
  doi =          {10.1145/1181309.1181314},
  acmid =        1181314,
  publisher =    {ACM},
  address =      {New York, NY, USA},
  keywords =     {bug characteristics, bug detection, empirical study,
                  open source, security},
}

@inproceedings{liblit_bug_2003,
  address =      {New York, NY, USA},
  series =       {{PLDI} '03},
  title =        {Bug {Isolation} via {Remote} {Program} {Sampling}},
  isbn =         {1-58113-662-5},
  url =          {http://doi.acm.org/10.1145/781131.781148},
  doi =          {10.1145/781131.781148},
  booktitle =    {Proceedings of the {ACM} {SIGPLAN} 2003 {Conference}
                  on {Programming} {Language} {Design} and
                  {Implementation}},
  publisher =    {ACM},
  author =       {Liblit, Ben and Aiken, Alex and Zheng, Alice X. and
                  Jordan, Michael I.},
  year =         2003,
  keywords =     {assertions, bug isolation, feature selection,
                  logistic regression, random sampling, Statistical
                  Debugging},
  pages =        {141--154},
  file =
                  {pldi2003-bugisolation.pdf:/home/moses/.zotero/zotero/ebsaoh0n.default/zotero/storage/C26FRFI4/pldi2003-bugisolation.pdf:application/pdf}
}

@InProceedings{liblit_scalable_2005,
  address =      {New York, NY, USA},
  series =       {{PLDI} '05},
  title =        {Scalable {Statistical} {Bug} {Isolation}},
  isbn =         {1-59593-056-6},
  url =          {http://doi.acm.org/10.1145/1065010.1065014},
  doi =          {10.1145/1065010.1065014},
  booktitle =    {Proceedings of the 2005 {ACM} {SIGPLAN} {Conference}
                  on {Programming} {Language} {Design} and
                  {Implementation}},
  publisher =    {ACM},
  author =       {Liblit, Ben and Naik, Mayur and Zheng, Alice X. and
                  Aiken, Alex and Jordan, Michael I.},
  year =         2005,
  keywords =     {bug isolation, feature selection, invariants, random
                  sampling, Statistical Debugging},
  pages =        {15--26},
  file =
                  {Scalable_Statistical_Bug_Isolation_Liblit_2005.pdf:/home/moses/.zotero/zotero/w9j38y9o.default/zotero/storage/GX6ITTW7/Scalable_Statistical_Bug_Isolation_Liblit_2005.pdf:application/pdf}
}

@InProceedings{liu_sober:_2005,
  address =      {New York, NY, USA},
  series =       {{ESEC}/{FSE}-13},
  title =        {{SOBER}: {Statistical} {Model}-based {Bug}
                  {Localization}},
  isbn =         {1-59593-014-0},
  url =          {http://doi.acm.org/10.1145/1081706.1081753},
  doi =          {10.1145/1081706.1081753},
  booktitle =    {Proceedings of the 10th {European} {Software}
                  {Engineering} {Conference} {Held} {Jointly} with
                  13th {ACM} {SIGSOFT} {International} {Symposium} on
                  {Foundations} of {Software} {Engineering}},
  publisher =    {ACM},
  author =       {Liu, Chao and Yan, Xifeng and Fei, Long and Han,
                  Jiawei and Midkiff, Samuel P.},
  year =         2005,
  keywords =     {localization metrics, Statistical Debugging},
  pages =        {286--295},
  file =
                  {SOBER_Statstical_ModelBased_Bug_Localization_Liu_2005.pdf:/home/moses/.zotero/zotero/w9j38y9o.default/zotero/storage/7938AV8K/SOBER_Statstical_ModelBased_Bug_Localization_Liu_2005.pdf:application/pdf}
}

@Article{liu_sober:_2005-1,
  title =        {{SOBER}: {Statistical} {Model}-based {Bug}
                  {Localization}},
  volume =       30,
  issn =         {0163-5948},
  url =          {http://doi.acm.org/10.1145/1095430.1081753},
  doi =          {10.1145/1095430.1081753},
  number =       5,
  journal =      {SIGSOFT Softw. Eng. Notes},
  author =       {Liu, Chao and Yan, Xifeng and Fei, Long and Han,
                  Jiawei and Midkiff, Samuel P.},
  month =        sep,
  year =         2005,
  keywords =     {localization metrics, Statistical Debugging},
  pages =        {286--295}
}

@article{lu2005bugbench,
  title =        {Bugbench: Benchmarks for evaluating bug detection
                  tools},
  author =       {Lu, Shan and Li, Zhenmin and Qin, Feng and Tan, Lin
                  and Zhou, Pin and Zhou, Yuanyuan},
  journal =      {Workshop on the Evaluation of Software Defect
                  Detection Tools},
  pages =        {1--5},
  year =         2005
}

@inproceedings{lu_learning_2008,
  address =      {New York, NY, USA},
  series =       {{ASPLOS} {XIII}},
  title =        {Learning from {Mistakes}: {A} {Comprehensive}
                  {Study} on {Real} {World} {Concurrency} {Bug}
                  {Characteristics}},
  isbn =         {978-1-59593-958-6},
  url =          {http://doi.acm.org/10.1145/1346281.1346323},
  doi =          {10.1145/1346281.1346323},
  booktitle =    {Proceedings of the 13th {International} {Conference}
                  on {Architectural} {Support} for {Programming}
                  {Languages} and {Operating} {Systems}},
  publisher =    {ACM},
  author =       {Lu, Shan and Park, Soyeon and Seo, Eunsoo and Zhou,
                  Yuanyuan},
  year =         2008,
  keywords =     {bug characteristics, concurrency bug, concurrent
                  program},
  pages =        {329--339},
  file =
                  {p329-lu.pdf:/home/moses/.zotero/zotero/ebsaoh0n.default/zotero/storage/Q2IVW534/p329-lu.pdf:application/pdf}
}

@Article{marzat_model-based_2012,
  title =        {Model-based fault diagnosis for aerospace systems: a
                  survey},
  volume =       226,
  issn =         {0954-4100, 2041-3025},
  shorttitle =   {Model-based fault diagnosis for aerospace systems},
  url =
                  {http://pig.sagepub.com/lookup/doi/10.1177/0954410011421717},
  doi =          {10.1177/0954410011421717},
  language =     {en},
  number =       10,
  urldate =      {2015-04-28},
  journal =      {Proceedings of the Institution of Mechanical
                  Engineers, Part G: Journal of Aerospace Engineering},
  author =       {Marzat, J. and Piet-Lahanier, H. and Damongeot,
                  F. and Walter, E.},
  month =        oct,
  year =         2012,
  pages =        {1329--1360},
  file =
                  {marzat_model_based_fault_diagnosis_survey_2012.pdf:/home/moses/.zotero/zotero/w9j38y9o.default/zotero/storage/8G6EGG7P/marzat_model_based_fault_diagnosis_survey_2012.pdf:application/pdf}
}

@article{matsubara_model_2013,
  title =        {Model {Checking} with {Program} {Slicing} {Based} on
                  {Variable} {Dependence} {Graphs}},
  journal =      {arXiv preprint arXiv:1301.0041},
  author =       {Matsubara, Masahiro and Sakurai, Kohei and Narisawa,
                  Fumio and Enshoiwa, Masushi and Yamane, Yoshio and
                  Yamanaka, Hisamitsu},
  year =         2013,
  file =
                  {Matsubara2013.pdf:/home/moses/.zotero/zotero/ebsaoh0n.default/zotero/storage/QNMH5WVH/Matsubara2013.pdf:application/pdf}
}

@book{mcruer2014aircraft,
  title =        {Aircraft Dynamics and Automatic Control},
  author =       {McRuer, D.T. and Graham, D. and Ashkenas, I.},
  isbn =         9781400855988,
  series =       {Princeton Legacy Library},
  year =         2014,
  publisher =    {Princeton University Press}
}

@Book{mitsa2010,
  title =        {Temporal data mining},
  author =       {Mitsa, Theophano},
  year =         2010,
  publisher =    {CRC Press}
}

@inproceedings{mochizuki_study_2014,
  title =        {A study on migration technique using program slicing
                  for large-scale information and control systems},
  url =
                  {https://www.scopus.com/inward/record.uri?eid=2-s2.0-84931089487&partnerID=40&md5=7be206f13ac68c4dfa6951e2e84dec9b},
  doi =          {10.1109/COMPSACW.2014.8},
  booktitle =    {Proceedings - {IEEE} 38th {Annual} {International}
                  {Computers}, {Software} and {Applications}
                  {Conference} {Workshops}, {COMPSACW} 2014},
  author =       {Mochizuki, T. and Shimura, A. and Takezawa, T.},
  year =         2014,
  note =         {cited By 0},
  pages =        {25--30},
  file =
                  {Mochizuki2014.pdf:/home/moses/.zotero/zotero/ebsaoh0n.default/zotero/storage/SKFX8XD3/Mochizuki2014.pdf:application/pdf}
}

@article{moonen_analyzing_2016,
  title =        {Analyzing and visualizing information flow in
                  heterogeneous component-based software systems},
  volume =       77,
  issn =         {0950-5849},
  url =
                  {http://www.sciencedirect.com/science/article/pii/S0950584916300817},
  doi =          {http://dx.doi.org/10.1016/j.infsof.2016.05.002},
  journal =      {Information and Software Technology},
  author =       {Moonen, Leon and Yazdanshenas, Amir Reza},
  year =         2016,
  keywords =     {Software visualization},
  pages =        {34 -- 55},
  file =
                  {Moonen2016.pdf:/home/moses/.zotero/zotero/ebsaoh0n.default/zotero/storage/42MQVM3F/Moonen2016.pdf:application/pdf}
}

@InProceedings{moonjoo_kim_formally_1999,
  title =        {Formally specified monitoring of temporal
                  properties},
  isbn =         {0-7695-0240-7},
  url =
                  {http://ieeexplore.ieee.org/lpdocs/epic03/wrapper.htm?arnumber=777457},
  doi =          {10.1109/EMRTS.1999.777457},
  urldate =      {2015-05-30},
  booktitle =    {Proceedings of the 11th {Euromicro} {Conference} on
                  {Real}-{Time} {Systems}},
  publisher =    {IEEE},
  author =       {{Moonjoo Kim} and Viswanathan, M. and Ben-Abdallah,
                  H. and Kannan, S. and Lee, I. and Sokolsky, O.},
  year =         1999,
  pages =        {114--122},
  file =
                  {mac.pdf:/home/moses/.zotero/zotero/w9j38y9o.default/zotero/storage/QRU33PQ7/mac.pdf:application/pdf}
}
@Book{mostafa_LD_2012,
  author =       {Abu-Mostafa, Yaser S. and Magdon-Ismail, Malik and
                  Lin, Hsuan-Tien},
  title =        {Learning From Data},
  year =         2012,
  isbn =         {1600490069, 9781600490064},
  publisher =    {AMLBook}
}
@Article{nggada_software_2012,
  title =        {Software failure analysis at architecture level
                  using fmea},
  volume =       6,
  url =
                  {http://www.sersc.org/journals/IJSEIA/vol6_no1_2012/5.pdf},
  number =       1,
  urldate =      {2015-05-06},
  journal =      {International Journal of Software Engineering and
                  Its Applications},
  author =       {Nggada, Shawulu Hunira},
  year =         2012,
  file =
                  {software_failure_FMEA_2012.pdf:/home/moses/.zotero/zotero/w9j38y9o.default/zotero/storage/AHZKAZW9/software_failure_FMEA_2012.pdf:application/pdf}
}
@Article{openpilot,
  title =        {The {Next} {Generation} {Open} {Source} {UAV}
                  {Autopilot}},
  url =          {http://www.openpilot.org/},
  urldate =      {2015-06-02},
  author =       {Openpilot},
  year =         2015,
  note =         "[Online; accessed 2-April-2015]",
  file =
                  {Snapshot:/home/moses/.zotero/zotero/w9j38y9o.default/zotero/storage/47NSEWVT/www.openpilot.org.html:text/html}
}

@Article{pentti_failure_2002,
  title =        {Failure mode and effects analysis of software-based
                  automation systems},
  volume =       190,
  url =
                  {http://www.fmeainfocentre.com/handbooks/softwarefmea.pdf},
  urldate =      {2015-05-06},
  journal =      {VTT Industrial Systems, STUK-YTO-TR},
  author =       {Pentti, Haapanen and Atte, Helminen},
  year =         2002,
  pages =        190,
  file =
                  {SoftwareFMEA2002.pdf:/home/moses/.zotero/zotero/w9j38y9o.default/zotero/storage/CQ9NBAFR/SoftwareFMEA2002.pdf:application/pdf}
}

@inproceedings{rabiner_tutorial_1989,
  title =        {A tutorial on hidden {Markov} models and selected
                  applications in speech recognition},
  booktitle =    {{PROCEEDINGS} {OF} {THE} {IEEE}},
  author =       {Rabiner, Lawrence R.},
  year =         1989,
  pages =        {257--286},
  file =
                  {hmm_paper_rabiner.pdf:/home/moses/.zotero/zotero/ebsaoh0n.default/zotero/storage/5SXSTN8F/hmm_paper_rabiner.pdf:application/pdf}
}

@InProceedings{rushby_new_2011,
  title =        {New challenges in certification for aircraft
                  software},
  url =          {http://dl.acm.org/citation.cfm?id=2038675},
  urldate =      {2015-05-21},
  booktitle =    {Proceedings of the ninth {ACM} international
                  conference on {Embedded} software},
  publisher =    {ACM},
  author =       {Rushby, John},
  year =         2011,
  pages =        {211--218},
  file =
                  {emsoft11.pdf:/home/moses/.zotero/zotero/w9j38y9o.default/zotero/storage/NW32KTQU/emsoft11.pdf:application/pdf}
}
@inproceedings{russell_program_2002,
  address =      {New York, NY, USA},
  series =       {{CODES} '02},
  title =        {Program {Slicing} for {Codesign}},
  isbn =         {1-58113-542-4},
  url =          {http://doi.acm.org/10.1145/774789.774809},
  doi =          {10.1145/774789.774809},
  booktitle =    {Proceedings of the {Tenth} {International}
                  {Symposium} on {Hardware}/{Software} {Codesign}},
  publisher =    {ACM},
  author =       {Russell, Jeffry T},
  year =         2002,
  pages =        {91--96},
  file =
                  {p91-russell.pdf:/home/moses/.zotero/zotero/ebsaoh0n.default/zotero/storage/FA5H6SSH/p91-russell.pdf:application/pdf}
}

@inproceedings{sahoo_empirical_2010,
  address =      {New York, NY, USA},
  series =       {{ICSE} '10},
  title =        {An {Empirical} {Study} of {Reported} {Bugs} in
                  {Server} {Software} with {Implications} for
                  {Automated} {Bug} {Diagnosis}},
  isbn =         {978-1-60558-719-6},
  url =          {http://doi.acm.org/10.1145/1806799.1806870},
  doi =          {10.1145/1806799.1806870},
  booktitle =    {Proceedings of the 32Nd {ACM}/{IEEE} {International}
                  {Conference} on {Software} {Engineering} - {Volume}
                  1},
  publisher =    {ACM},
  author =       {Sahoo, Swarup Kumar and Criswell, John and Adve,
                  Vikram},
  year =         2010,
  keywords =     {bug characteristics, bug reports, network servers,
                  testing},
  pages =        {485--494},
  file =
                  {p485-sahoo.pdf:/home/moses/.zotero/zotero/ebsaoh0n.default/zotero/storage/JAERE42K/p485-sahoo.pdf:application/pdf}
}

@article{scholkopf2001,
  author =       {Sch\"{o}lkopf, Bernhard and Platt, John C. and
                  Shawe-Taylor, John C. and Smola, Alex J. and
                  Williamson, Robert C.},
  title =        {Estimating the Support of a High-Dimensional
                  Distribution},
  journal =      {Neural Comput.},
  issue_date =   {July 2001},
  volume =       13,
  number =       7,
  month =        jul,
  year =         2001,
  issn =         {0899-7667},
  pages =        {1443--1471},
  numpages =     29,
  url =          {http://dx.doi.org/10.1162/089976601750264965},
  doi =          {10.1162/089976601750264965},
  acmid =        1119749,
  publisher =    {MIT Press},
  address =      {Cambridge, MA, USA},
}

@Article{smith_raft:_2013,
  title =        {Raft: {Automated} techniques for diagnosing,
                  reproducing, and fixing concurrency bugs},
  shorttitle =   {Raft},
  url =
                  {http://www.cl.cam.ac.uk/~sos22/dissertation.corrected.pdf},
  urldate =      {2015-05-06},
  author =       {Smith, Steven},
  year =         2013,
  file =
                  {Raft_Automated_techniques_for_diagnosing_reproducing_and_fixing_concurrency_bugs_Smith_2013.pdf:/home/moses/.zotero/zotero/w9j38y9o.default/zotero/storage/WHEIIUTZ/Raft_Automated_techniques_for_diagnosing_reproducing_and_fixing_concurrency_bugs_Smith_2013.pdf:application/pdf}
}

@Article{stamatelatos_probabilistic_2011,
  title =        {Probabilistic risk assessment procedures guide for
                  {NASA} managers and practitioners},
  url =          {http://ntrs.nasa.gov/search.jsp?R=20120001369},
  urldate =      {2015-05-13},
  author =       {Stamatelatos, Michael and Dezfuli, Homayoon and
                  Apostolakis, George and Everline, Chester and
                  Guarro, Sergio and Mathias, Donovan and Mosleh, Ali
                  and Paulos, Todd and Riha, David and Smith, Curtis},
  journal =      {NASA Report, NASA/SP-2011-3421},
  year =         2011,
  file =
                  {NASA_RiskAssessment.pdf:/home/moses/.zotero/zotero/w9j38y9o.default/zotero/storage/BX634ZG6/NASA_RiskAssessment.pdf:application/pdf}
}

@inproceedings{sullivan_software_1991,
  address =      {Los Alamitos, CA, USA},
  title =        {Software defects and their impact on system
                  availability-a study of field failures in operating
                  systems},
  copyright =    {Copyright 1992, IEE},
  url =          {http://dx.doi.org/10.1109/FTCS.1991.146625},
  abstract =     {Defects reported between 1986 and 1989 in the MVS
                  operating system are studied in order to gain the
                  insight needed to provide a clear strategy for
                  avoiding or tolerating them. Typical defects
                  (regular) are compared to those that corrupt a
                  program's memory (overlay), given that overlays are
                  considered by field services to be particularly hard
                  to find and fix. It is shown that the impact of an
                  overlay defect is, on average, much higher than that
                  of a regular defect, that boundary conditions and
                  allocation management are the major causes of
                  overlay defects, not timing, and that most overlays
                  are small and corrupt data near the data that the
                  programmer meant to update. Further analysis is
                  provided on defects in fixes to other defects,
                  failure symptoms, and the impact of defects on
                  customers.},
  language =     {English},
  booktitle =    {Digest of {Papers}. {Fault}-{Tolerant} {Computing}:
                  {Twenty}-{First} {International} {Symposium}
                  ({Cat}. {No}.91CH2985-0)},
  author =       {Sullivan, M. and Chillarege, R.},
  year =         1991,
  note =         {software defects;system availability;field
                  failures;operating systems;MVS operating
                  system;overlays;field services;boundary conditions;},
  keywords =     {fault tolerant computing, operating systems
                  (computers), Software reliability},
  pages =        {2 -- 9},
  file =
                  {SoftwareDefects.pdf:/home/moses/.zotero/zotero/ebsaoh0n.default/zotero/storage/MFN77E3U/SoftwareDefects.pdf:application/pdf}
}

@article{tan2013,
  author =       "Tan, Lin and Liu, Chen and Li, Zhenmin and Wang,
                  Xuanhui and Zhou, Yuanyuan and Zhai, Chengxiang",
  title =        "Bug characteristics in open source software",
  journal =      "Empirical Software Engineering",
  year =         2013,
  volume =       19,
  number =       6,
  pages =        "1665--1705",
  issn =         "1573-7616",
  doi =          "10.1007/s10664-013-9258-8",
  url =          "http://dx.doi.org/10.1007/s10664-013-9258-8"
}

@techreport{tip_survey_1994,
  address =      {Amsterdam, The Netherlands, The Netherlands},
  title =        {A {Survey} of {Program} {Slicing} {Techniques}.},
  institution =  {CWI (Centre for Mathematics and Computer Science)},
  author =       {Tip, Frank},
  year =         1994
}

@inproceedings{weiser_program_1981,
  address =      {Piscataway, NJ, USA},
  series =       {{ICSE} '81},
  title =        {Program {Slicing}},
  isbn =         {0-89791-146-6},
  url =          {http://dl.acm.org/citation.cfm?id=800078.802557},
  booktitle =    {Proceedings of the 5th {International} {Conference}
                  on {Software} {Engineering}},
  publisher =    {IEEE Press},
  author =       {Weiser, Mark},
  year =         1981,
  keywords =     {Data flow analysis, debugging, Human factors,
                  Program maintenance, Program metrics, Software
                  tools},
  pages =        {439--449},
  file =
                  {p439-weiser.pdf:/home/moses/.zotero/zotero/ebsaoh0n.default/zotero/storage/9TV7APPV/p439-weiser.pdf:application/pdf}
}

@article{weiser_program_1984,
  title =        {Program {Slicing}},
  volume =       4,
  number =       {SE-10},
  journal =      {IEEE Transactions on Software Engineering},
  author =       {Weiser, Mark},
  year =         1984,
  pages =        {352--357}
}

@Article{wong_survey_2009,
  title =        {A survey of software fault localization},
  author =       {Wong, W Eric and Debroy, Vidroha},
  year =         2009,
  file =
                  {fault-localization-survey.pdf:/home/moses/.zotero/zotero/w9j38y9o.default/zotero/storage/K73IPFSA/fault-localization-survey.pdf:application/pdf}
}

@inproceedings{yazdanshenas_crossing_2011,
  title =        {Crossing the boundaries while analyzing
                  heterogeneous component-based software systems},
  doi =          {10.1109/ICSM.2011.6080786},
  booktitle =    {Software {Maintenance} ({ICSM}), 2011 27th {IEEE}
                  {International} {Conference} on},
  author =       {Yazdanshenas, A. R. and Moonen, L.},
  month =        sep,
  year =         2011,
  keywords =     {Complexity theory, Component architectures, Computer
                  languages, Knowledge engineering, Prototypes,
                  Software systems},
  pages =        {193--202},
  file =
                  {Yazdanshenas2011.pdf:/home/moses/.zotero/zotero/ebsaoh0n.default/zotero/storage/3UCZ7HI9/Yazdanshenas2011.pdf:application/pdf}
}

@article{yin_towards_2010,
  title =        {Towards {Understanding} {Bugs} in {Open} {Source}
                  {Router} {Software}},
  volume =       40,
  issn =         {0146-4833},
  url =          {http://doi.acm.org/10.1145/1823844.1823849},
  doi =          {10.1145/1823844.1823849},
  number =       3,
  journal =      {SIGCOMM Comput. Commun. Rev.},
  author =       {Yin, Zuoning and Caesar, Matthew and Zhou, Yuanyuan},
  month =        jun,
  year =         2010,
  keywords =     {internet routing, protocols, router software,
                  software errors},
  pages =        {34--40},
  file =
                  {p34-yin.pdf:/home/moses/.zotero/zotero/ebsaoh0n.default/zotero/storage/7DF8XAW7/p34-yin.pdf:application/pdf}
}

@inproceedings{zheng_statistical_2006,
  address =      {New York, NY, USA},
  series =       {{ICML} '06},
  title =        {Statistical {Debugging}: {Simultaneous}
                  {Identification} of {Multiple} {Bugs}},
  isbn =         {1-59593-383-2},
  url =          {http://doi.acm.org/10.1145/1143844.1143983},
  doi =          {10.1145/1143844.1143983},
  booktitle =    {Proceedings of the 23rd {International} {Conference}
                  on {Machine} {Learning}},
  publisher =    {ACM},
  author =       {Zheng, Alice X. and Jordan, Michael I. and Liblit,
                  Ben and Naik, Mayur and Aiken, Alex},
  year =         2006,
  pages =        {1105--1112},
  file =
                  {Statistical_Debugging_Simultaneous_Identification_of_Multiple_Bugs_Zheng_2006.pdf:/home/moses/.zotero/zotero/ebsaoh0n.default/zotero/storage/6WXNT3G8/Statistical_Debugging_Simultaneous_Identification_of_Multiple_Bugs_Zheng_2006.pdf:application/pdf}
}
